<?xml version="1.0" encoding="UTF-8"?><collection xmlns="http://www.loc.gov/MARC21/slim"><record><leader>00436nam--2200133-i-4500</leader><controlfield tag="001">000013511</controlfield><controlfield tag="002">20161230</controlfield><controlfield tag="005">20161230201030</controlfield><controlfield tag="008">060222s1000------------r-----000-0-eng-d</controlfield><datafield ind1=" " ind2=" " tag="080"><subfield code="a">621(036)=03.82=20</subfield></datafield><datafield ind1=" " ind2=" " tag="100"><subfield code="a">Artobolevsky, Ivan I</subfield></datafield><datafield ind1=" " ind2=" " tag="245"><subfield code="a">Mechanisms in modern engineering design. a handbook for engineers, designers and inven- tors. vol.ii: part.1: lever mechanisms</subfield></datafield><datafield ind1=" " ind2=" " tag="260"><subfield code="a">Moscow, Mir Publishers, 1976 610 P</subfield></datafield><datafield ind1=" " ind2=" " tag="852"><subfield code="a">48984</subfield></datafield></record></collection>